%%%% WARNING! AUTOMATICALLY CREATED BIBFILE
%%%% DO NOT EDIT! ALL CHANGES WILL BE LOST!

@STRING{acm	= "ACM" }
@STRING{cefp09	= "{CEFP} 2009" }
@STRING{csl14	= "CSL-LICS'14" }
@STRING{eptcs	= "EPTCS" }
@STRING{fossacs15="FoSSaCS'15" }
@STRING{icfp13	= "ICFP'13" }
@STRING{icfp15	= "ICFP'15" }
@STRING{ieee	= "IEEE CS Press" }
@STRING{lics00	= "LICS'00" }
@STRING{lics04	= "LICS'04" }
@STRING{lncs	= "LNCS" }
@STRING{msfp14	= "MSFP'14" }
@STRING{popl13	= "POPL'13" }
@STRING{popl14	= "POPL'14" }
@STRING{springer= "Springer" }
@STRING{types95	= "TYPES'95" }

@InProceedings{	  atkeymcbride:icfp13,
  author	= {Robert Atkey and Conor McBride},
  title		= {Productive coprogramming with guarded recursion},
  booktitle	= icfp13,
  publisher	= acm,
  year		= 2013,
  pages		= {197-208},
  bibsource	= {DBLP, http://dblp.uni-trier.de}
}

@InProceedings{	  abelpientka:icfp13,
  author	= {Andreas Abel and Brigitte Pientka},
  title		= {Wellfounded Recursion with Copatterns: A Unified Approach
		  to Termination and Productivity},
  booktitle	= icfp13,
  year		= 2013,
  pages		= {185-196},
  crossref	= {DBLP:conf/icfp/2013},
  bibsource	= {DBLP, http://dblp.uni-trier.de}
}

@InProceedings{	  Reynolds,
  author	= {John C. Reynolds},
  title		= {Types, Abstraction and Parametric Polymorphism},
  booktitle	= {{IFIP} Congress},
  pages		= {513--523}
}

@InProceedings{	  Wadler,
  author	= {Philip Wadler},
  title		= {Theorems for Free!},
  booktitle	= {{FPCA}},
  pages		= {347--359},
  year		= {1989}
}

@InCollection{	  Hofmann,
  booktitle	= {Extensional Constructs in Intensional Type Theory},
  series	= {CPHC/BCS Distinguished Dissertations},
  title		= {Syntax and semantics of dependent types},
  publisher	= {Springer London},
  author	= {Hofmann, Martin},
  pages		= {13-54},
  year		= 1997
}

@InProceedings{	  nakano:lics00,
  author	= {Hiroshi Nakano},
  title		= {A Modality for Recursion},
  booktitle	= lics00,
  year		= 2000,
  pages		= {255-266},
  crossref	= {DBLP:conf/lics/2000},
  bibsource	= {DBLP, http://dblp.uni-trier.de}
}

@Proceedings{	  dblp:conf/icfp/2013,
  title		= icfp13,
  booktitle	= icfp13,
  publisher	= acm,
  year		= 2013,
  bibsource	= {DBLP, http://dblp.uni-trier.de}
}

@InProceedings{	  abelpientka:icfp13,
  author	= {Andreas Abel and Brigitte Pientka},
  title		= {Wellfounded Recursion with Copatterns: A Unified Approach
		  to Termination and Productivity},
  booktitle	= icfp13,
  year		= 2013,
  pages		= {185-196},
  ee		= {http://doi.acm.org/10.1145/2500365.2500591},
  crossref	= {DBLP:conf/icfp/2013},
  bibsource	= {DBLP, http://dblp.uni-trier.de}
}

@InProceedings{	  abelchapman:msfp14,
  author	= {Andreas Abel and James Chapman},
  title		= {Normalization by Evaluation in the Delay Monad: {A} Case
		  Study for Coinduction via Copatterns and Sized Types},
  booktitle	= msfp14,
  pages		= {51--67},
  year		= 2014,
  crossref	= {DBLP:journals/corr/LevyK14},
  timestamp	= {Tue, 28 Apr 2015 19:40:54 +0200},
  biburl	= {http://dblp.uni-trier.de/rec/bib/journals/corr/AbelC14},
  bibsource	= {dblp computer science bibliography, http://dblp.org}
}

@InProceedings{	  atkeymcbride:icfp13,
  author	= {Robert Atkey and Conor McBride},
  title		= {Productive coprogramming with guarded recursion},
  booktitle	= icfp13,
  year		= 2013,
  pages		= {197-208},
  ee		= {http://doi.acm.org/10.1145/2500365.2500597},
  crossref	= {DBLP:conf/icfp/2013},
  bibsource	= {DBLP, http://dblp.uni-trier.de}
}

@InProceedings{	  atkeyjohannkennedy:popl13,
  author	= {Robert Atkey and Patricia Johann and Andrew Kennedy},
  title		= {Abstraction and invariance for algebraically indexed
		  types},
  booktitle	= popl13,
  pages		= {87--100},
  year		= 2013,
  crossref	= {DBLP:conf/popl/2013},
  timestamp	= {Fri, 18 Jan 2013 17:57:12 +0100},
  biburl	= {http://dblp.uni-trier.de/rec/bib/conf/popl/AtkeyJK13},
  bibsource	= {dblp computer science bibliography, http://dblp.org}
}

@InProceedings{	  atkeyghanijohann:popl14,
  author	= {Robert Atkey and Neil Ghani and Patricia Johann},
  title		= {A relationally parametric model of dependent type theory},
  booktitle	= popl14,
  pages		= {503--516},
  year		= {2014},
  crossref	= {DBLP:conf/popl/2014},
  timestamp	= {Thu, 09 Jan 2014 08:32:32 +0100},
  biburl	= {http://dblp.uni-trier.de/rec/bib/conf/popl/AtkeyGJ14},
  bibsource	= {dblp computer science bibliography, http://dblp.org}
}

@InProceedings{	  cloustonbizjakgrathwohlbirkedal:fossacs15,
  author	= {Ranald Clouston and Ales Bizjak and Hans Bugge Grathwohl
		  and Lars Birkedal},
  title		= {Programming and Reasoning with Guarded Recursion for
		  Coinductive Types},
  booktitle	= fossacs15,
  pages		= {407--421},
  year		= 2015,
  crossref	= {DBLP:conf/fossacs/2015},
  timestamp	= {Tue, 07 Apr 2015 15:29:05 +0200},
  biburl	= {http://dblp.uni-trier.de/rec/bib/conf/fossacs/CloustonBGB15},
  bibsource	= {dblp computer science bibliography, http://dblp.org}
}

@InProceedings{	  blanchettepopescutraytel:icfp15,
  author	= {Jasmin Christian Blanchette and Andrei Popescu and Dmitriy
		  Traytel},
  title		= {Foundational extensible corecursion: a proof assistant
		  perspective},
  booktitle	= icfp15,
  pages		= {192--204},
  year		= 2015,
  crossref	= {DBLP:conf/icfp/2015},
  timestamp	= {Tue, 08 Sep 2015 09:24:11 +0200},
  biburl	= {http://dblp.uni-trier.de/rec/bib/conf/icfp/Blanchette0T15},
  bibsource	= {dblp computer science bibliography, http://dblp.org}
}

@InProceedings{	  dybjer:internaltypetheory,
  author	= {Peter Dybjer},
  title		= {Internal Type Theory},
  booktitle	= types95,
  volume	= 1158,
  series	= lncs,
  year		= 1996,
  publisher	= springer,
  pages		= {120--134}
}

@InProceedings{	  kennedy:units09,
  author	= {Andrew Kennedy},
  title		= {Types for Units-of-Measure: Theory and Practice},
  booktitle	= cefp09,
  pages		= {268--305},
  year		= 2009,
  crossref	= {DBLP:conf/cefp/2009},
  timestamp	= {Mon, 13 Dec 2010 14:21:41 +0100},
  biburl	= {http://dblp.uni-trier.de/rec/bib/conf/cefp/Kennedy09},
  bibsource	= {dblp computer science bibliography, http://dblp.org}
}

@InProceedings{	  krishnaswami:icfp13,
  author	= {Neelakantan R. Krishnaswami},
  title		= {Higher-order functional reactive programming without
		  spacetime leaks},
  booktitle	= icfp13,
  pages		= {221--232},
  year		= 2013,
  crossref	= {DBLP:conf/icfp/2013},
  timestamp	= {Thu, 19 Sep 2013 11:26:38 +0200},
  biburl	= {http://dblp.uni-trier.de/rec/bib/conf/icfp/Krishnaswami13},
  bibsource	= {dblp computer science bibliography, http://dblp.org}
}

@InProceedings{	  mogelberg:csllics14,
  author	= {Rasmus Ejlers M{\o}gelberg},
  title		= {A type theory for productive coprogramming via guarded
		  recursion},
  booktitle	= csl14,
  pages		= {71:1--71:10},
  year		= {2014},
  crossref	= {DBLP:conf/csl/2014},
  timestamp	= {Thu, 23 Apr 2015 17:57:17 +0200},
  biburl	= {http://dblp.uni-trier.de/rec/bib/conf/csl/Mogelberg14},
  bibsource	= {dblp computer science bibliography, http://dblp.org}
}

@InProceedings{	  nakano:lics00,
  author	= {Hiroshi Nakano},
  title		= {A Modality for Recursion},
  booktitle	= lics00,
  year		= 2000,
  pages		= {255-266},
  ee		= {http://doi.ieeecomputersociety.org/10.1109/LICS.2000.855774},
  crossref	= {DBLP:conf/lics/2000},
  bibsource	= {DBLP, http://dblp.uni-trier.de}
}

@InProceedings{	  dunphyreddy:lics04,
  author	= {Brian P. Dunphy and Uday S. Reddy},
  title		= {Parametric Limits},
  booktitle	= lics04,
  pages		= {242--251},
  year		= 2004,
  crossref	= {DBLP:conf/lics/2004},
  timestamp	= {Sat, 22 Nov 2014 13:44:47 +0100},
  biburl	= {http://dblp.uni-trier.de/rec/bib/conf/lics/DunphyR04},
  bibsource	= {dblp computer science bibliography, http://dblp.org}
}

@Proceedings{	  dblp:conf/cefp/2009,
  title		= cefp09,
  booktitle	= cefp09,
  series	= lncs,
  volume	= 6299,
  publisher	= springer,
  year		= 2010,
  timestamp	= {Mon, 13 Dec 2010 14:19:58 +0100},
  biburl	= {http://dblp.uni-trier.de/rec/bib/conf/cefp/2009},
  bibsource	= {dblp computer science bibliography, http://dblp.org}
}

@Proceedings{	  dblp:conf/csl/2014,
  title		= csl14,
  booktitle	= csl14,
  publisher	= acm,
  year		= 2014,
  timestamp	= {Fri, 12 Sep 2014 15:21:24 +0200},
  biburl	= {http://dblp.uni-trier.de/rec/bib/conf/csl/2014},
  bibsource	= {dblp computer science bibliography, http://dblp.org}
}

@Proceedings{	  dblp:conf/fossacs/2015,
  title		= fossacs15,
  booktitle	= fossacs15,
  series	= lncs,
  volume	= 9034,
  publisher	= springer,
  year		= 2015,
  timestamp	= {Tue, 07 Apr 2015 15:28:20 +0200},
  biburl	= {http://dblp.uni-trier.de/rec/bib/conf/fossacs/2015},
  bibsource	= {dblp computer science bibliography, http://dblp.org}
}

@Proceedings{	  dblp:conf/icfp/2013,
  title		= icfp13,
  booktitle	= icfp13,
  publisher	= acm,
  year		= 2013,
  ee		= {http://dl.acm.org/citation.cfm?id=2500365},
  bibsource	= {DBLP, http://dblp.uni-trier.de}
}

@Proceedings{	  dblp:conf/icfp/2015,
  title		= icfp15,
  booktitle	= icfp15,
  publisher	= acm,
  year		= 2015,
  timestamp	= {Tue, 08 Sep 2015 09:21:43 +0200},
  biburl	= {http://dblp.uni-trier.de/rec/bib/conf/icfp/2015},
  bibsource	= {dblp computer science bibliography, http://dblp.org}
}

@Proceedings{	  dblp:conf/lics/2000,
  title		= lics00,
  booktitle	= lics00,
  publisher	= ieee,
  year		= 2000,
  bibsource	= {DBLP, http://dblp.uni-trier.de}
}

@Proceedings{	  dblp:conf/lics/2004,
  title		= lics04,
  booktitle	= lics04,
  publisher	= ieee,
  year		= 2004,
  timestamp	= {Fri, 21 Nov 2014 14:08:55 +0100},
  biburl	= {http://dblp.uni-trier.de/rec/bib/conf/lics/2004},
  bibsource	= {dblp computer science bibliography, http://dblp.org}
}

@Proceedings{	  dblp:journals/corr/levyk14,
  title		= msfp14,
  booktitle	= msfp14,
  series	= eptcs,
  volume	= 153,
  year		= 2014,
  timestamp	= {Tue, 01 Jul 2014 17:30:23 +0200},
  biburl	= {http://dblp.uni-trier.de/rec/bib/journals/corr/LevyK14},
  bibsource	= {dblp computer science bibliography, http://dblp.org}
}

@Proceedings{	  dblp:conf/popl/2013,
  title		= popl13,
  booktitle	= popl13,
  publisher	= acm,
  year		= 2013,
  ee		= {http://dl.acm.org/citation.cfm?id=2429069},
  timestamp	= {Fri, 18 Jan 2013 17:48:28 +0100},
  biburl	= {http://dblp.uni-trier.de/rec/bib/conf/popl/2013},
  bibsource	= {DBLP, http://dblp.uni-trier.de}
}

@Proceedings{	  dblp:conf/popl/2014,
  title		= popl14,
  booktitle	= popl14,
  publisher	= acm,
  year		= {2014},
  timestamp	= {Thu, 09 Jan 2014 08:21:22 +0100},
  biburl	= {http://dblp.uni-trier.de/rec/bib/conf/popl/2014},
  bibsource	= {dblp computer science bibliography, http://dblp.org}
}
